@book{althusser-marx,
    author = {Althusser, Louis},
    title = {For Marx},
    translator = {Brewster, Ben},
    publisher = {Verso},
    date = {2005}
}
@incollection{althusser-ideology,
    author = {Althusser, Louis},
    title = {Ideology and Ideological State Apparatuses},
    url = {https://www.marxists.org/reference/archive/althusser/1970/ideology.htm},
    urldate = {2020-04-15},
    booktitle = {Marxist Internet Archive}
}
@book{anderson,
    author = {Anderson, Perry},
    title = {The Origins of Postmodernity},
    publisher = {Verso},
    date = {1998}
}
@article{appiah,
    author = {Appiah, Kwame Anthony},
    title = {Is the Post- in Postmodernism the Post- in Postcolonial?},
    journal = {Critical Inquiry},
    volume = {17},
    number = {2},
    date = {1991},
    pages = {336-357}
}
@article{arac,
    author = {Arac, Jonathan},
    title = {Postmodernism and Postmodernity in China},
    subtitle = {An Agenda for Inquiry},
    journal = {New Literary History},
    volume = {28},
    number = {1},
    date = {1997},
    pages = {135-145}
}
@article{barme-hooligan,
    author = {Barmé, Geremie},
    title = {Wang Shuo and Liumang (``Hooligan'') Culture},
    journal = {The Australian Journal of Chinese Affairs},
    number = {28},
    date = {1992},
    pages = {23-64}
}
@book{barme-red,
    author = {Barmé, Geremie},
    title = {In the Red: On Contemporary Chinese Culture},
    publisher = {Columbia University Press},
    date = {1999}
}
@online{judge-bao,
    title = {包公案},
    url = {http://www.zggdwx.com/baogong.html},
    urldate = {2020-04-27},
    organization = {中国古典文学}
}
@article{castelli,
    author = {Castelli, Alberto},
    title = {Female Writing in Chinese Postmodern Literature},
    subtitle = {From Neorealism to Avant-garde},
    journal = {Interdisciplinary Literary Studies},
    volume = {21},
    number = {4},
    date = {2019},
    pages = {448-75}
}
@book{xiaomei-occidentalism,
    author = {Xiaomei Chen},
    title = {Occidentalism},
    subtitle = {A Theory of Counter-Discourse in Post-Mao China},
    publisher = {Oxford University Press},
    date = {1995}
}
@incollection{derrida,
    author = {Derrida, Jacques},
    title = {Structure, Sign, and Play in the Discourse of the Human Sciences},
    booktitle = {The Critical Tradition: Classic Texts and Contemporary Trends},
    editor = {Martin's, David H.Richter St},
    date = {2007},
    pages = {915-26}
}
@book{dickens,
    author = {Dickens, Charles},
    title = {A Tale of Two Cities},
    publisher = {Charles Scribner's Sons},
    date = {1899}
}
@article{guanghui,
    author = {Guanghui Ding},
    title = {``Experimental Architecture'' in China},
    journal = {Journal of the Society of Architectural Historians},
    volume = {73},
    number = {1},
    date = {2014-03},
    pages = {28-37}
}
@article{dirlik-postsocialism,
    author = {Dirlik, Arif},
    title = {Postsocialism? Reflections on ``Socialism with Chinese Characteristics''},
    journal = {Bulletin of Concerned Asian Scholars},
    volume = {21},
    number = {1},
    date = {1989-03},
    pages = {33-44}
}
@incollection{king-kusno,
    title = {On Be(ij)ing in the World: ``Postmodernism,'' ``Globalization,'' and the Making of Transnational Space in China},
    author = {Anthony D. King and Abidin Kusno},
    booktitle = {Postmodernism \& China},
    editor = {Arif Dirlik and Xudong Zhang},
    publisher = {Duke University Press},
    date = {2000},
    pages = {41-67}
}
@incollection{xiaobing,
    title = {Melancholy against the Grain: Approaching Postmodernity in Wang Anyi's \emph{Tales of Sorrow}},
    author = {Xiaobing Tang},
    booktitle = {Postmodernism \& China},
    editor = {Arif Dirlik and Xudong Zhang},
    publisher = {Duke University Press},
    date = {2000},
    pages = {358-78}
}
@incollection{xudong-postsocialism,
    title = {Postmodernism and Postsocialist Society---Historicizing the Present},
    author = {Xudong Zhang},
    booktitle = {Postmodernism \& China},
    editor = {Arif Dirlik and Xudong Zhang},
    publisher = {Duke University Press},
    date = {2000},
    pages = {399-442}
}
@article{xiaobing-modernism,
    author = {Xiaobing Tang},
    title = {Residual Modernism: Narratives of the Self in Contemporary Chinese Fiction},
    journal = {Modern Chinese Literature},
    pages = {7-31},
    volume = {7},
    number = {1},
    date = {1993}
}
@incollection{xiaobing-theory,
    author = {Xiaobing Tang},
    title = {The Function of New Theory: What Does It Mean to Talk about Postmodernism in China?},
    editor = {Kang, Liu and Xiaobing, Tang},
    publisher = {Duke University Press},
    date = {1993},
    pages = {278-299},
    booktitle = {Politics, Ideology, and Literary Discourse in Modern China},
    subtitle = {Theoretical Interventions and Cultural Critique}
}
@book{dirlik-zhang,
    editor = {Arif Dirlik and Zhang Xudong},
    title = {Postmodernism \& China},
    publisher = {Duke University Press},
    date = {2000},
}
@article{galloway,
    author = {Galloway, Alexander},
    title = {History Is What Hurts},
    subtitle = {On Old Materialism},
    volume = {34},
    date = {2016},
    pages = {125-141},
    journal = {Social Text},
    number = {2}
}
@book{haomin,
    author = {Haomin Gong},
    title = {Uneven Modernity},
    subtitle = {Literature, Film, and Intellectual Discourse in Postsocialist China},
    publisher = {University of Hawaii Press},
    date = {2012}
}
@incollection{hamm,
    author = {Hamm, John Christopher},
    title = {Jin Yong at the Century's End},
    mainsubtitle = {The Wang Shuo Incident and Its Implications},
    publisher = {University of Hawaii Press},
    date = {2005},
    pages = {250-60},
    booktitle = {Paper Swordsmen},
    subtitle = {Jin Yong and the Modern Chinese Martial Arts Novel}
}
@book{harvey-capital,
    author = {Harvey, David},
    title = {The Limits to Capital},
    publisher = {Verso},
    date = {1982}
}
@book{harvey-postmodernity,
    author = {Harvey, David},
    title = {The Condition of Postmodernity},
    publisher = {Wiley-Blackwell},
    date = {1991}
}
@incollection{heidegger,
    author = {Heidegger, Martin},
    title = {The Origin of the Work of Art},
    translator = {Young, Julian and Haynes, Kenneth},
    publisher = {Cambridge University Press},
    date = {2002},
    pages = {1-56},
    booktitle = {Off the Beaten Track}
}
@incollection{yibing,
    author = {Yibing Huang},
    title = {Wang Shuo: Playing for Thrills in the Era of Reforms, or, a Genealogy of the Present},
    publisher = {Palgrave Macmillan},
    date = {2007},
    pages = {63-104},
    booktitle = {Contemporary Chinese Literature},
    subtitle = {From the Cultural Revolution to the Future}
}
@book{hutcheon,
    author = {Hutcheon, Linda},
    title = {The Politics of Postmodernism},
    publisher = {Routledge},
    date = {1989}
}
@article{IS,
    author = {Jameson, Fredric},
    title = {Imaginary and Symbolic in Lacan},
    subtitle = {Marxism, Psychoanalytic Criticism, and the Problem of the Subject},
    date = {1977},
    pages = {338-395},
    journal = {Yale French Studies},
    number = {55/56}
}
@book{PU,
    author = {Jameson, Fredric},
    title = {The Political Unconscious},
    subtitle = {Narrative as a Socially Symbolic Act},
    publisher = {Cornell University Press},
    date = {1981},
}
@article{jameson-literary-innovation,
    author = {Jameson, Fredric},
    title = {Literary Innovation and Modes of Production: A Commentary},
    volume = {1},
    date = {1984-09},
    pages = {66-77},
    journal = {Modern Chinese Literature},
    number = {1}
}
@article{3W,
    author = {Jameson, Fredric},
    title = {Third-World Literature in the Age of Multinational Capitalism},
    shorttitle = {Third-World Literature},
    date = {1986},
    pages = {65-88},
    journal = {Social Text},
    number = {15}
}
@book{PM,
    author = {Jameson, Fredric},
    title = {Postmodernism, or, the Cultural Logic of Late Capitalism},
    shorttitle = {Postmodernism},
    publisher = {Duke University Press},
    date = {1991}
}
@inbook{jameson-mirror,
    author = {Jameson, Fredric},
    title = {In the Mirror of Alternative Modernities},
    booktitle = {Origins of Modern Japanese Literature},
    bookauthor = {Kojin Karatani},
    publisher = {Duke University Press},
    date = {1993},
    pages = {vii-xx}
}
@incollection{jameson-import-sub,
    author = {Jameson, Fredric},
    title = {On Literary and Cultural Import-Substitution in the Third World},
    mainsubtitle = {The Case of Testimonio},
    editor = {Gugelberger, Georg M.},
    publisher = {Duke University Press},
    date = {1996},
    pages = {172-191},
    booktitle = {The Real Thing},
    subtitle = {Testimonial Discourse and Latin America}
}
@incollection{jameson-abroad,
    author = {Jameson, Fredric},
    title = {Americans Abroad},
    mainsubtitle = {Exogamy and Letters in Late Capitalism},
    editor = {Bell, Steven M. and Le May, Albert H. and Orr, Leonard},
    publisher = {University of Notre Dame Press},
    date = {1993},
    pages = {35-60},
    booktitle = {Critical Theory, Cultural Politics, and Latin American Narrative}
}
@article{jameson-singularity,
    author = {Jameson, Fredric},
    title = {The Aesthetics of Singularity},
    date = {2015-03},
    pages = {101-132},
    journal = {New Left Review},
    number = {92}
}
@book{jaros,
    author = {Jaros, Kyle A.},
    title = {China's Urban Champions},
    subtitle = {The Politics of Spatial Development},
    publisher = {Princeton University Press},
    date = {2019}
}
@book{kinkley-law,
    author = {Kinkley, Jeffrey},
    title = {Chinese Justice, the Fiction},
    subtitle = {Law and Literature in Modern China},
    publisher = {Stanford University Press},
    date = {2000}
}
@incollection{kinkley-discomforts,
    author = {Kinkley, Jeffrey},
    title = {Discomforts of Temporal Anomie},
    publisher = {Columbia University Press},
    date = {2005},
    pages = {32-72},
    booktitle = {Visions of Dystopia in China's New Historical Novels}
}
@inbook{lacan-mirror,
    author = {Jacques Lacan},
    title = {The Mirror Stage as Formative of the \emph{I} Function as Revealed in Psychoanalytic Experience},
    booktitle = {Ecrits},
    translator = {Bruce Fink},
    publisher = {W. W. Norton \& Company},
    pages = {75-81},
    date = {2002}
}
@inbook{lacan-subject,
    author = {Jacques Lacan},
    title = {On the Subject Who Is Finally in Question},
    booktitle = {Ecrits},
    translator = {Bruce Fink},
    publisher = {W. W. Norton \& Company},
    pages = {189-196},
    date = {2002}
}
@article{lago,
    author = {Lago, Francesca Dal},
    title = {Personal Mao},
    subtitle = {Reshaping an Icon in Contemporary Chinese Art},
    volume = {58},
    date = {1999},
    pages = {46-59},
    journal = {Art Journal},
    number = {2}
}
@book{lee,
    author = {Lee, Ang},
    title = {Crouching Tiger, Hidden Dragon},
    publisher = {Sony Pictures},
    date = {2000},
}
@article{xiaoping,
    author = {Xiaoping Li},
    title = {The Chinese Television System and Television News},
    date = {1991-06},
    pages = {340-355},
    journal = {The China Quarterly},
    number = {126}
}
@incollection{kang-marxism,
    author = {Kang Liu},
    title = {Subjectivity, Marxism, and Cultural Theory in China},
    editor = {Kang, Liu and Xiaobing, Tang},
    publisher = {Duke University Press},
    date = {1993},
    pages = {23-55},
    booktitle = {Politics, Ideology, and Literary Discourse in Modern China},
    subtitle = {Theoretical Interventions and Cultural Critique}
}
@article{kang-globalization,
    author = {Kang Liu},
    title = {Is There an Alternative to (Capitalist) Globalization? The Debate about Modernity in China},
    volume = {23},
    date = {1996},
    pages = {193-218},
    journal = {Boundary 2},
    number = {3}
}
@article{hongwei,
    author = {Hongwei Lu},
    title = {TV Romance and Popular Cultural Mood},
    subtitle = {The Chi Li Phenomenon},
    volume = {6},
    date = {2006},
    pages = {125-52},
    journal = {China Review},
    number = {1}
}
@article{sheldon-lu,
    author = {Lu, Sheldon Hsiao-peng},
    title = {Art, Culture, and Cultural Criticism in Post-New China},
    volume = {28},
    date = {1997},
    pages = {111-133},
    journal = {New Literary History},
    number = {1}
}
@book{lucas,
    author = {Lucas, George},
    title = {Star Wars: A New Hope},
    publisher = {20th Century Fox},
    date = {1977}
}
@book{mandel,
    author = {Mandel, Ernest},
    title = {Late Capitalism},
    publisher = {Verso},
    date = {1978}
}
@incollection{mao,
    author = {Zedong Mao},
    title = {湖南农民运动考察报告 [Report on an Investigation of the Peasant Movement in Hunan]},
    url = {https://www.marxists.org/reference/archive/mao/selected-works/volume-1/mswv1_2.htm},
    urldate = {2020-05-01},
    booktitle = {Marxist Internet Archive}
}
@book{meisner,
    author = {Meisner, Maurice},
    title = {Mao's China and After},
    subtitle = {A History of the People's Republic},
    publisher = {The Free Press},
    date = {1999}
}
@incollection{miller,
    author = {Miller, J. Hillis},
    title = {A Comparison of Literary Studies in the United States and China},
    publisher = {Northwestern University Press},
    date = {2015},
    pages = {189-208},
    booktitle = {Innocents Abroad: Lectures in China}
}
@incollection{mittler,
    author = {Mittler, Barbara},
    title = {Mao Wherever You Go: The Art of Repetition in Revolutionary China},
    publisher = {Harvard University Asian Center},
    date = {2012},
    pages = {267-330},
    booktitle = {A Continuous Revolution: Making Sense of Cultural Revolution Culture}
}
@book{MY,
    author = {Yan Mo},
    title = {红高粱家族 [The Red Sorghum Family]},
    publisher = {当代世界出版社},
    date = {2003},
    related = {MY-trans},
    relatedtype = {bytranslator}
}
@book{MY-trans,
    author = {Yan Mo},
    title = {Red Sorghum: A Novel of China},
    translator = {Howard Goldblatt},
    publisher = {Penguin Books},
    date = {1993}
}
@article{chow,
    author = {Chow Rey},
    title = {Can One Say No to China?},
    volume = {28},
    date = {1997},
    pages = {147-151},
    journal = {New Literary History},
    number = {1}
}
@book{scott,
    author = {Scott, Ridley},
    title = {Thelma \& Louise},
    publisher = {Metro-Goldwyn-Mayer},
    date = {1991}
}
@article{schell,
    author = {Schell, Orville},
    title = {Prime Time in Peking},
    date = {1985-04-01},
    pages = {30-31},
    journal = {The New Yorker}
}
@article{yaohua,
    author = {Yaohua Shi},
    title = {Reconstructing Modernism: The Shifting Narratives of Chinese Modernist Architecture},
    volume = {18},
    date = {2006},
    pages = {30-84},
    journal = {Modern Chinese Literature and Culture},
    number = {1}
}
@incollection{smith,
    author = {Smith, Neil},
    title = {The Geography of Uneven Development},
    editor = {Dunn, Bill and Radice, Hugo},
    publisher = {Pluto Press},
    date = {2006},
    pages = {180-195},
    booktitle = {100 Years of Permanent Revolution: Results and Prospects}
}
@article{strafella,
    author = {Strafella, Giorgio},
    title = {Postmodernism as a Nationalist Conservatism? The Case of Zhang Yiwu},
    volume = {70},
    pages = {921-941},
    journal = {Asiatische Studien - Études Asiatiques},
    number = {3}
}
@book{vogel,
    author = {Vogel, Erza F.},
    title = {Deng Xiaoping and the Transformation of China},
    publisher = {Harvard University Press},
    date = {2011}
}
@book{wachowski,
    author = {Wachowski, Lana and Wachowski, Lili},
    title = {The Matrix},
    publisher = {Warner Bros},
    date = {1999}
}
@article{fengzhen,
    author = {Fengzhen Wang},
    title = {Third-World Writers in the Era of Postmodernism},
    volume = {28},
    date = {1997},
    pages = {45-55},
    journal = {New Literary History},
    number = {1}
}
@book{jing-fever,
    author = {Jing Wang},
    title = {High Cultural Fever: Politics, Aesthetics, and Ideology in Deng's China},
    publisher = {University of California Press},
    date = {1996},
}
@book{jing-anthology,
    editor = {Jing Wang},
    title = {China's Avant-Garde Fiction: An Anthology},
    publisher = {Duke University Press},
    date = {1998}
}
@article{mingxian,
    author = {Mingxian Wang},
    title = {Notes on Architecture and Postmodernism in China},
    volume = {24},
    date = {1997},
    pages = {163-75},
    journal = {Boundary 2},
    number = {3}
}
@article{ning-western,
    author = {Ning Wang},
    title = {Confronting Western Influence: Rethinking Chinese Literature of the New Period},
    volume = {24},
    date = {1993},
    pages = {905-26},
    journal = {New Literary History},
    number = {4}
}
@article{ning-orientalism,
    author = {Ning Wang},
    title = {Orientalism versus Occidentalism?},
    volume = {28},
    date = {1997},
    pages = {57-67},
    journal = {New Literary History},
    number = {1}
}
@article{ning-reflection,
    author = {Ning Wang},
    title = {A Reflection on Postmodernist Fiction in China: Avant-Garde Narrative Experimentation},
    volume = {21},
    date = {2013},
    pages = {296-308},
    journal = {Narrative},
    number = {3}
}
@incollection{shuo-sea,
    author = {Shuo Wang},
    title = {浮出海面 [Emerging from the sea]},
    date = {2016},
    booktitle = {王朔文集 [The collected writings of Wang Shuo]},
    publisher = {北京十月文艺出版社}
}
@incollection{shuo-play,
    author = {Shuo Wang},
    title = {顽主 [Masters of play]},
    date = {2016},
    booktitle = {王朔文集 [The collected writings of Wang Shuo]},
    publisher = {北京十月文艺出版社}
}
@incollection{shuo-ferocious,
    author = {Shuo Wang},
    title = {动物凶猛 [Animal ferocious]},
    date = {2016},
    booktitle = {王朔文集 [The collected writings of Wang Shuo]},
    publisher = {北京十月文艺出版社}
}
@book{WS,
    author = {Shuo Wang},
    title = {玩的就是心跳 [Playing for Thrills]},
    publisher = {北京十月文艺出版社},
    date = {2012},
    related = {WS-trans},
    relatedtype = {bytranslator}
}
@book{WS-trans,
    author = {Shuo Wang},
    translator = {Howard Goldblatt},
    title = {Playing for Thrills},
    publisher = {William Morrow \& Company, Inc},
    date = {1997}
}
@incollection{shuo-shuo,
    author = {Shuo Wang},
    title = {我看王朔 [I read Wang Shuo]},
    date = {2016},
    booktitle = {王朔文集 [The collected writings of Wang Shuo]},
    publisher = {北京十月文艺出版社}
}
@incollection{shuo-jin,
    author = {Shuo Wang},
    title = {我看金庸 [I read Jin Yong]},
    date = {2016},
    booktitle = {王朔文集 [The collected writings of Wang Shuo]},
    publisher = {北京十月文艺出版社}
}
@article{ben,
    author = {Ben, Xu},
    title = {Chinese Populist Nationalism: Its Intellectual Politics and Moral Dilemma},
    volume = {76},
    date = {2001},
    pages = {120-140},
    journal = {Representations},
    number = {1}
}
@book{xiaobin,
    author = {Xiaobin Yang},
    title = {The Chinese Postmodern: Trauma and Irony in Chinese Avant-garde Fiction},
    publisher = {University of Michigan Press},
    date = {2002}
}
@article{yusheng,
    author = {Yusheng Yao},
    title = {The Elite Class Background of Wang Shuo and His Hooligan Characters},
    volume = {30},
    date = {2004},
    pages = {431-69},
    journal = {Modern China},
    number = {4}
}
@incollection{shuishan,
    author = {Shuishan Yu},
    title = {Modernization in a Postmodern World: The 1970s and 1980s},
    publisher = {University of Washington Press},
    date = {2012},
    pages = {144-77},
    booktitle = {Chang'an Avenue and the Modernization of Chinese Architecture}
}
@incollection{longxi,
    author = {Longxi Zhang},
    title = {Postmodernism and the Return of the Native},
    publisher = {Stanford University Press},
    date = {1998},
    pages = {184-212},
    booktitle = {Mighty Opposites: From Dichotomies to Differences in the Comparative Study of China}
}
@article{xudong-nationalism,
    author = {Xudong Zhang},
    title = {Nationalism, Mass Culture, and Intellectual Strategies in Post-Tiananmen China},
    date = {1998},
    pages = {109-140},
    journal = {Social Text},
    number = {55}
}
@book{xudong-modernism,
    author = {Xudong Zhang},
    title = {Chinese Modernism in the Era of Reforms: Cultural Fever, Avant-garde Fiction, and the New Chinese Cinema},
    date = {1997},
    publisher = {Duke University Press}
}
@article{zhao,
    author = {Zhao, Henry},
    title = {Post-Isms and Chinese New Conservatism},
    volume = {28},
    date = {1997},
    pages = {31-44},
    journal = {New Literary History},
    number = {1}
}
@book{laurence,
    author = {Patricia Laurence},
    title = {Lily Briscoe's Chinese Eyes: Bloomsbury, Modernism, and China},
    publisher = {University of South Carolina Press},
    date = {2003}
}
@inbook{kang-avant-garde,
    author = {Kang Liu},
    title = {The Short-Lived Avant-Garde Literary Movement and Its Transformation: The Case of Yu Hua},
    booktitle = {Globalization and Cultural Trends in China},
    publisher = {University of Hawaii Press},
    date = {2004},
    pages = {102-126}
}
@article{xiaomei-modernism,
    author = {Xiaomei Chen},
    title = {``Misunderstanding'' Western Modernism: The \emph{Menglong} Movement in Post-Mao China},
    journal = {Representations},
    number = {35},
    date = {1991},
    pages = {143-163}
}
@incollection{ning-mapping,
    title = {The Mapping of Chinese Postmodernity},
    author = {Ning Wang},
    booktitle = {Postmodernism \& China},
    editor = {Arif Dirlik and Xudong Zhang},
    publisher = {Duke University Press},
    date = {2000},
    pages = {21-40}
}
@incollection{PM-dirlik-zhang,
    author = {Arif Dirlik and Xudong Zhang},
    title = {Introduction: Postmodernism and China},
    booktitle = {Postmodernism \& China},
    editor = {Arif Dirlik and Xudong Zhang},
    publisher = {Duke University Press},
    date = {2000},
    pages = {1-20}
}
@incollection{PM-liao,
    author = {Ping-hui Liao},
    title = {Postmodern Literary Discourse and Contemporary Public Culture in Taiwan},
    booktitle = {Postmodernism \& China},
    editor = {Arif Dirlik and Xudong Zhang},
    publisher = {Duke University Press},
    date = {2000},
    pages = {68-88}
}
@incollection{PM-lu,
    author = {Sheldon Hsiao-peng Lu},
    title = {Global POSTmodernIZATION: The Intellectual, the Artist, and China's Condition},
    booktitle = {Postmodernism \& China},
    editor = {Arif Dirlik and Xudong Zhang},
    publisher = {Duke University Press},
    date = {2000},
    pages = {145-174}
}
@incollection{PM-zhang,
    author = {Yiwu Zhang},
    title = {Postmodernism and Chinese Novels of the Nineties},
    translator = {Michael Berry},
    booktitle = {Postmodernism \& China},
    editor = {Arif Dirlik and Xudong Zhang},
    publisher = {Duke University Press},
    date = {2000},
    pages = {325-336}
}

@incollection{PM-wang,
    author = {Xiaoying Wang},
    title = {Hong Kong, China, and the Question of Postcoloniality},
    booktitle = {Postmodernism \& China},
    editor = {Arif Dirlik and Xudong Zhang},
    publisher = {Duke University Press},
    date = {2000},
    pages = {89-122}
}
