% vim: filetype=bib:

% === Primary sources =========================================================

@book{PU,
    author = {Fredric Jameson},
    title = {The Political Unconscious:
        Narrative as a Socially Symbolic Act},
    shorttitle = {The Political Unconscious},
    publisher = {Cornell University Press},
    year = {1981}
}

@book{PM,
    author = {Fredric Jameson},
    title = {Postmodernism, or, the Cultural Logic of Late Capitalism},
    shorttitle = {Postmodernism},
    publisher = {Duke University Press},
    year = {1991}
}

@book{1M,
    author = {Fredric Jameson},
    title = {A Singular Modernity:
        Essay on the Ontology of the Present},
    shorttitle = {A Singular Modernity},
    publisher = {Verso},
    year = {2002}
}

@article{3W,
    author = {Fredric Jameson},
    title = {Third-World Literature in the Era of Multinational Capitalism},
    journal = {Social Text},
    number = {15},
    pages = {65--88},
    publisher = {Duke University Press},
    year = {1986}
}

@incollection{CM,
    author = {Fredric Jameson},
    title = {Cognitive Mapping},
    booktitle = {Marxism and the Interpretation of Culture},
    editor = {Cary Nelson and Lawrence Grossberg},
    pages = {347--357},
    publisher = {University of Illinois Press},
    year = {1988}
}

% === Secondary sources =======================================================

@book{spivak,
    author = {Gayatri Chakravorty Spivak},
    title = {A Critique of Postcolonial Reason:
        Towards a History of the Vanishing Present},
    publisher = {Harvard University Press},
    year = {1999}
}

@article{ahmad,
    author = {Aijaz Ahmad},
    title = {Jameson's Rhetoric of Otherness and the "National Allegory"},
    journal = {Social Text},
    number = {17},
    pages = {3--25},
    publisher = {Duke University Press},
    year = {1987}
}

@book{lukacs,
    author = {Luk{\'a}cs, Georg},
    title = {History and Class Consciousness:
        Studies in Marxist Dialectics},
    year = {1972},
    publisher = {The MIT Press}
}

@book{benjamin,
    author = {Walter Benjamin},
    translator = {John Osborne},
    title = {The Origin of German Tragic Drama},
    year = {1977},
    publisher = {Verso}
}

@book{harvey,
    author = {David Harvey},
    title = {The Limits to Capital},
    publisher = {Verso Books},
    year = {2018}
}

@book{jaros,
    author = {Kyle A. Jaros},
    title = {China's Urban Champions: The Politics of Spatial Development},
    publisher = {Princeton University Press},
    year = {2019}
}

@book{haomin-gong,
    author = {Haomin Gong},
    title = {Uneven Modernity: Literature, Film, and Intellectual Discourse in Postsocialist China},
    publisher = {University of Hawai'i Press},
    year = {2012}
}

@article{wang-fengzhen,
    author = {Fengzhen Wang},
    title = {Third-World Writers in the Era of Postmodernism},
    journal = {New Literary History},
    volume = {28},
    number = {1},
    pages = {45--55},
    year = {1997},
    publisher = {Johns Hopkins University Press}
}

@article{sheldon-lu,
    author = {Sheldon Hsiao-peng Lu},
    title = {Art, Culture, and Cultural Criticism in Post-New China},
    journal = {New Literary History},
    volume = {28},
    number = {1},
    pages = {111--133},
    year = {1997},
    publisher = {Johns Hopkins University Press}
}

@article{arac,
    author = {Jonathan Arac},
    title = {Postmodernism and Postmodernity in China: An Agenda for Inquiry},
    journal = {New Literary History},
    volume = {28},
    number = {1},
    pages = {135--145},
    year = {1997},
    publisher = {Johns Hopkins University Press}
}

@incollection{dirlik-zhang,
    author = {Arif Dirlik and Xudong Zhang},
    title = {Introduction: Postmodernism and China},
    booktitle = {Postmodernism \& China},
    editor = {Arif Dirlik and Xudong Zhang},
    pages = {1--20},
    publisher = {Duke University Press},
    year = {2000}
}

@incollection{wang-ning,
    author = {Ning Wang},
    title = {The Mapping of Chinese Postmodernity},
    booktitle = {Postmodernism \& China},
    editor = {Arif Dirlik and Xudong Zhang},
    pages = {21--40},
    publisher = {Duke University Press},
    year = {2000}
}

@incollection{pinghui-liao,
    author = {Ping-hui Liao},
    title = {Postmodern Literary Discourse and Contemporary Public Culture in Taiwan},
    booktitle = {Postmodernism \& China},
    editor = {Arif Dirlik and Xudong Zhang},
    pages = {68--88},
    publisher = {Duke University Press},
    year = {2000}
}

@incollection{miller,
    author = {J. Hillis Miller},
    title = {A Comparison of Literary Studies in the United States and China},
    booktitle = {An Innocent Abroad: Lectures in China},
    pages = {189--208},
    publisher = {Northwestern University Press},
    year = {2015}
}

@article{huters,
    author = {Theodore Huters},
    title = {Speaking of Many Things: Food, Kings, and the National Tradition in Ah Cheng's ``The Chess King''},
    publisher = {Sage Publications, Inc.},
    journal = {Modern China},
    number = {4},
    volume = {14},
    pages = {388--418},
    year = {1988}
}
